@book{Alg,
  author = {Vazirani, Vijay V.},
  biburl = {https://www.bibsonomy.org/bibtex/2bb95cede4448cf7da64abed2f29c58b0/dblp},
  ee = {http://www.springer.com/computer/theoretical+computer+science/book/978-3-540-65367-7},
  title = {Approximation algorithms.},
  year = {2001}
}